@Article{tidyverse,
    title = {Welcome to the {tidyverse}},
    author = {Hadley Wickham and Mara Averick and Jennifer Bryan and Winston Chang and Lucy D'Agostino McGowan and Romain Fran\c{c}ois and Garrett Grolemund and Alex Hayes and Lionel Henry and Jim Hester and Max Kuhn and Thomas Lin Pedersen and Evan Miller and Stephan Milton Bache and Kirill M{\"u}ller and Jeroen Ooms and David Robinson and Dana Paige Seidel and Vitalie Spinu and Kohske Takahashi and Davis Vaughan and Claus Wilke and Kara Woo and Hiroaki Yutani},
    year = {2019},
    journal = {Journal of Open Source Software},
    volume = {4},
    number = {43},
    pages = {1686},
    doi = {10.21105/joss.01686},
  }

@misc{jsonlite,
      title={The jsonlite Package: A Practical and Consistent Mapping Between JSON Data and R Objects}, 
      author={Jeroen Ooms},
      year={2014},
      eprint={1403.2805},
      archivePrefix={arXiv},
      primaryClass={stat.CO},
      url={https://arxiv.org/abs/1403.2805}, 
}

@Manual{stringr,
  title = {stringr: Simple, Consistent Wrappers for Common String Operations},
  author = {Hadley Wickham},
  year = {2023},
  note = {R package version 1.5.1, https://github.com/tidyverse/stringr},
  url = {https://stringr.tidyverse.org},
}

@inproceedings{Essentia,
author = {Bogdanov, Dmitry and Wack, Nicolas and GÃ³mez, Emilia and Gulati, Sankalp and Herrera, Perfecto and Mayor, Oscar and Roma, Gerard and Salamon, Justin and Zapata, Jose and Serra, Xavier},
year = {2013},
month = {10},
pages = {},
title = {ESSENTIA: An open-source library for sound and music analysis},
journal = {Proceedings - 21st ACM International Conference on Multimedia},
doi = {10.1145/2502081.2502229}
}